@MISC{wiki_plag:08,
  author =       {Wikipedia: Plagiat},
  title =        {Plagiat},
  howpublished = {\url{http://de.wikipedia.org/wiki/Plagiat}},
  year =         {2008},
  note =         {},
  source =       {},
}

@MISC{sdq:08,
  author =       {Ralf Reussner},
  title =        {Ausarbeitungshinweise},
  howpublished = {\url{http://sdqweb.ipd.uka.de/wiki/Ausarbeitungshinweise}},
  year =         {2008},
  note =         {Chair for Software Design and Quality (SDQ)},
  source =         {Technische Universität Karlsruhe},
}

@MISC{dresden:08,
  author =       {Hermann Härtig},
  title =        {Aufbau von Diplomarbeiten},
  howpublished = {\url{http://www.inf.tu-dresden.de/index.php?node_id=1410&ln=en}},
  year =         {2008},
  note =         {Chair for Operating Systems},
  source =         {Technische Universität Dresden},
}


@TECHREPORT{Hertel:05,
  author =       {Peter Hertel},
  title =        {Schreibwerkstatt: Projekt Diplomarbeit},
  institution =  {Physics Department, Universität Osnabrück},
  type =         {Skript},
  year =         {2005},
  publisher =    {\url{http://www.home.uni-osnabrueck.de/phertel/}},
}


@CONFERENCE{wittneben:02:1,
    AUTHOR = "Wittneben, A. and Kuhn, Marc",
    TITLE = "A new concatenated linear high rate space-time block code",
    YEAR = 2002,
    BOOKTITLE = "IEEE Vehicular Technology Conference",
    PAGES = "",
    MONTH = "Mai",
    ADDRESS = "Bermingham, USA",
    PUBLISHER = "VTC Spring ",
}

@CONFERENCE{kuhn:02:1,
    AUTHOR = "Kuhn, Marc and Wittneben, A.",
    TITLE = "A new scalable decoder for linear block codes with intersymbol interference",
    YEAR = 2002,
    BOOKTITLE = "IEEE Vehicular Technology Conference",
    PAGES = "",
    MONTH = "Mai",
    ADDRESS = "Bermingham, USA",
    PUBLISHER = "VTC Spring ",
}
@CONFERENCE{kuhn:02:2,
    AUTHOR = "Kuhn, Marc and Wittneben, A.",
    TITLE = "PLC enhanced wireless access networks: a link level capacity consideration",
    YEAR = 2002,
    BOOKTITLE = "IEEE Vehicular Technology Conference",
    PAGES = "",
    MONTH = "Mai",
    ADDRESS = "Bermingham, USA",
    PUBLISHER = "VTC Spring ",
}

@CONFERENCE{benyoucef:02:1,
    AUTHOR = "Kuhn, Marc and Benyoucef, Dirk and Wittneben, A.",
    TITLE = "Linear block codes for frequency selective PLC channels with colored noise and multiple narrowband interference",
    YEAR = 2002,
    BOOKTITLE = "IEEE Vehicular Technology Conference",
    PAGES = "",
    MONTH = "Mai",
    ADDRESS = "Bermingham, USA",
    PUBLISHER = "VTC Spring ",
}

@TECHREPORT{Patent1:02,
  author =       {Wittneben, A. and Kuhn, Marc},
  title =        {Ein neues Verfahren zur Space-Time Codierung für hochdatenratige Übertragungen},
  institution =  {Schweizer Patentanmeldung},
  year =         {2002},
  publisher =    {amtliche Nummer},
}

@TECHREPORT{Patent2:02,
  author =       {Wittneben, A. and Kuhn, Marc},
  title =        {Ein neues Verfahren zur Interferenz-Kompensation},
  institution =  {Schweizer Patentanmeldung},
  year =         {2002},
  publisher =    {amtliche Nummer},
}

@TECHREPORT{gray:00,
  author =       {Gray, Robert M. },
  title =        {Toeplitz and Circulant Matrices: A Review},
  institution =  {Informations Systems Laboratory },
  year =         {2000},
  publisher =    {Stanford University},
  type =         {Review},
  address =      {Stanford University},
}
@BOOK{schmidt:01,
  author =       "Heiko Schmidt",
  title =        "OFDM für die drahtlose Datenübertragung innerhalb von Gebäuden",
  publisher =    "Shaker Verlag",
  year =         "2002",
  address =      "Aachen",
  edition =      "1. Auflage",
  isbn =         "3-8265-8898-3",
  note =         "Dissertation",
  }
@BOOK{speth:00,
  author =       "Michael Speth",
  title =        "Systemkomponenten für codierte OFDM--Übertragung mit Sender-- und Empfangsdiversität",
  publisher =    "Shaker Verlag",
  year =         "2001",
  address =      "Aachen",
  edition =      "1. Auflage",
  isbn =         "3-8265-8853-3",
  note =         "Dissertation",
  }
@BOOK{dickmann:98,
  author =       "Georg Dickmann",
  title =        "Analyse und Anwendung des DMT--Mehrträgerverfahrens zur digitalen Datenübertragung",
  publisher =    "VDI Verlag",
  year =         "1998",
  address =      "Hannover",
  edition =      "1. Auflage",
  isbn =         "3-18-353010-4",
  note =         "Dissertation",
  }
@BOOK{pauli:99,
  author =       "Mathias Pauli",
  title =        "Zur Anwendung des Mehrträgerverfahrens ODM mit reduzierter Außerbandstrahlung im Mobilfunk",
  publisher =    "VDI Verlag",
  year =         "1999",
  address =      "Nürnberg",
  edition =      "1. Auflage",
  isbn =         "3-18-358810-2",
  note =         "Dissertation",
  }
@BOOK{engels:97,
  author =       "Volker Engels",
  title =        "Multiträgerkonzepte für eine terrestrische 40--MBit/s--Datenübertragung",
  publisher =    "Shaker Verlag",
  year =         "1997",
  address =      "Aachen",
  edition =      "1. Auflage",
  isbn =         "3-8265-2659-7",
  note =         "Dissertation",
  }
@BOOK{matlab_opt:00,
    AUTHOR = "The MathWorks",
    TITLE = "Optimization Toolbox",
    YEAR = 2000,
    PUBLISHER = "The MathWorks, Inc.",
    EDITION = "Fourth printing for Version 2.1 (Release 12)",
    ADDRESS = "Natick, MA 01760-2098",
}
@ARTICLE{coleman:96,
    AUTHOR = "Coleman, T.F. and Y. Li",
    TITLE = "An Interior, Trust Region Approach for Nonlinear Minimization Subject to Bounds",
    YEAR = 1996,
    JOURNAL = "SIAM Journal on Optimization",
    VOLUME = "6",
    PAGES = "418-445",
}

@PHDTHESIS{kuhn:02,
  author =       "Marc Kuhn",
  title  =       "Space--Time--Codes und ihre Anwendungen in zukünftigen Kommunikationssystemen",
  school =       "Universität des Saarlandes",
  year =         "2002",
  type =         "Dissertation",
  address =      "Lehrstuhl für Nachrichtentechnik",
}
@MISC{wetterau:00,
  author =       {Website},
  title =        {Was ist Funkwetter? Erläuterungen zur Funkprognose},
  howpublished = {http://www.peter-rachow.de/emwelle.htm},
  year =         {2001},
  note =         {DARC, Ortsverband Wetterau},
  crossref =     {},
}
@MISC{ascom,
  author =       {ASCOM AG},
  title =        {Powerline FAQ},
  howpublished = {Ascom Powerline Communications AG, www.ascom.com/powerline },
  year =         {2002},
  note =         {},
  crossref =     {},
}
@CONFERENCE{ohno:98,
    AUTHOR = "Ohno, Osamu and Katayama,Masaaki and Ogawa, Akira",
    EDITORS = "A.J. Han Vinck",
    TITLE = "A simple model of cyclostationary PowerLine noise for communication systems",
    BOOKTITLE = "2nd International Symposium on PLC and ist applications ",
    PAGES = "",
    YEAR = 1998,
    MONTH = "",
    ADDRESS = "Tokyo, Japan",
    PUBLISHER = "Shannon Foundation",
    ISBN =      "",
}

@MASTERSTHESIS{ElGhaoui:00,
  author =       "Laurent {El Ghaoui}",
  title  =       "Digital Signal Processing",
  school =       "University of California at Berkeley, California, USA",
  year =         "2000",
  type =         "Course",
  address =      "Dept of Electrical Engineering and Computer Sciences",
}
@PHDTHESIS{Bayram:96,
  author =       "Metin Bayram and Richard G. Baraniuk",
  title  =       "Multiple Window Time-Frequency Analysis",
  school =       "Rice University, Houston, Texas, USA",
  year =         "June 1996",
  type =         "IEEE SP International Symposium on Time-Frequency and Time-Scale Analysis, Paris, France",
  address =      "Department of Electrical and Computer Engineering",
}
@PHDTHESIS{Nadeu:98,
  author =       "Climent Nadeu and Fèlix Galindo and Jaume Padrell",
  title  =       "On Frequency Averaging For Spectral Analysis In Speech Recognition",
  school =       "Universitat Politècnica de Catalunya, Barcelona, Spain",
  year =         "December 1998",
  type =         "5th International Conference on Spoken Language Processing, ICSLP'98, Sydney, Australia",
  address =      "Department of Signal Theory and Communications",
}
@MASTERSTHESIS{Zasowski:01,
  author =       "Thomas Zasowski",
  title  =       "Statistische Modellparameterbestimmung des Rauschleistungsdichtespektrums bei Power-Line-Kanälen",
  school =       "Universität Saarbrücken",
  year =         "2001",
  type =         "Studienarbeit",
  address =      "Lehrstuhl für Nachrichtentechnik",
}
@MASTERSTHESIS{Carlemalm:01,
  author =       "Catharina Carlemalm",
  title  =       "Signal Processing",
  school =       "Uppsala Universitet, Sweden",
  year =         "2001",
  type =         "Course",
  address =      "Signal and Systems Group",
}
@MASTERSTHESIS{Piazza:01,
  author =       "Michael Piazza",
  title  =       "Untersuchung und Optimierung von linearen Blockcodes für Powerline Communication (PLC)",
  school =       "Universität Saarbrücken",
  year =         "2001",
  type =         "Diplomarbeit",
  address =      "Lehrstuhl für Nachrichtentechnik",
}
@TECHREPORT{CENELEC,
  author =       {},
  title =        {CENELEC EN 50065, Signalübertragung auf elektrischen Niederspoannungsnetzen im Frequnezbereich von 3kHz bis 148,5 kHz},
  institution =  {CENELEC},
  year =         {1993},
  type =         {},
  number =       {},
  address =      {CENELC},
  month =        {07},
  note  =        {},
  key =          {},
  crossref =     {},
  annote =       {Beuth-Verlag, Berlin},
}
@TECHREPORT{IEEE802.11a,
  author =       {IEEE},
  title =        {Wireless LAN Medium Access Control (MAC) and Physical Layer (PHY) specifications},
  institution =  {IEEE},
  year =         {1999},
  type =         {},
  number =       {Part 11},
  address =      {IEEE},
  month =        {08},
  note  =        {},
  key =          {},
  crossref =     {},
  annote =       {},
}
@MASTERSTHESIS{Ankara:2000,
  author =       "Zafer Ankara",
  title =        "Untersuchung des Leistungsdichtespektrums der Störungen für die Power-Line Commnunication",
  school =       "Universität des Saarlandes",
  year =         "2000",
  type =         "Studienarbeit",
  month =        "September",
  address =      "Fachbereich Elektrotechnik, Lehrstuhl für Nachrichtentechnik",
  note =         "http://www.lnt.uni-saarland.de"
}
@MASTERSTHESIS{Ankara:01,
  author =       "Zafer Ankara",
  title  =       "Entwicklung eines statistischen Störmodells für Power-Line-Kanäle",
  school =       "Universität des Saarlandes",
  year =         "2001",
  type =         "Diplomarbeit",
  address =      "Fachbereich Elektrotechnik, Lehrstuhl für Nachrichtentechnik",
  note =         "http://www.lnt.uni-saarland.de"
}
@MASTERSTHESIS{Ruth:00,
  author =       "Andreas Ruth",
  title  =       "Kanalmodell für Powerline Communication (PLC)",
  school =       "Universität des Saarlandes",
  year =         "2000",
  type =         "Diplomarbeit",
  address =      "Fachbereich Elektrotechnik, Lehrstuhl für Nachrichtentechnik",
  note =         "http://www.lnt.uni-saarland.de"
}
@MASTERSTHESIS{Zimmer:01,
  author =       "Alexander Zimmer",
  title  =       "Modellparameterextraktion aus gemessenen PLC--Übertragungsfunktionen mit Hilfe globaler Optimierungsalgorithmen",
  school =       "Universität des Saarlandes",
  year =         "2001",
  type =         "Studienarbeit",
  address =      "Fachbereich Elektrotechnik, Lehrstuhl für Nachrichtentechnik",
  note =         "http://www.lnt.uni-saarland.de"
}
@MASTERSTHESIS{Zimmer:2002,
  author =       {Alexander Zimmer},
  title =        {Lineare Blockcodes für den Einsatz bei Powerline Communication und als Space-Time Codierung},
  school =       {Universität des Saarlandes},
  year =         {2002},
  type  =        {Diplomarbeit},
  address =      {Fachbereich Elektrotechnik, Lehrstuhl für Nachrichtentechnik},
  month =        {Januar},
  note =         {http://www.lnt.uni-saarland.de}
}
@MASTERSTHESIS{Cadario:2000,
  author =       {Erich Cadario},
  title =        {Entwicklung eines Modells für Kanalstörungen bei Powerline Communication},
  school =       {Universität des Saarlandes},
  year =         {2000},
  type  =        {Studienarbeit},
  address =      {Fachbereich Elektrotechnik, Lehrstuhl für Nachrichtentechnik},
  month =        {Februar},
  note =         {http://www.lnt.uni-saarland.de}
}
@MASTERSTHESIS{nagel:2002,
  author =       "Harald Nagel",
  title  =       "Untersuchung von PLC-Kanälen anhand der Dauer ihrer Kanalimpulsantwort",
  school =       "Universität des Saarlandes",
  year =         "2002",
  type =         "Studienarbeit",
  address =      "Fachbereich Elektrotechnik, Lehrstuhl für Nachrichtentechnik",
  month =        "Februar",
  note =         "http://www.lnt.uni-saarland.de"
}
@MASTERSTHESIS{sfier:2001,
  author =       "Elie Sfier",
  title  =       "Untersuchung von PLC-Kanälen",
  school =       "Universität des Saarlandes",
  year =         "2001",
  type =         "Interner Bericht",
  address =      "Fachbereich Elektrotechnik, Lehrstuhl für Nachrichtentechnik",
  month =        "Februar",
  note =         "http://www.lnt.uni-saarland.de"
}
@CONFERENCE{philipps:99:1,
    AUTHOR = "Philipps, Holger",
    EDITORS = "Bahram Honary and A.J. Han Vinck",
    TITLE = "Modelling of Powerline Communication Channels",
    BOOKTITLE = "International Symposium on Powerline Communications and its Applications",
    PAGES = "14-21",
    YEAR = 1999,
    MONTH = "30. März - 1. April",
    ADDRESS = "Lancaster, UK",
    PUBLISHER = "Shannon Foundation",
    ISBN =      "90-74249-22-1",
}
@CONFERENCE{philipps:99:2,
    AUTHOR = "Philipps, Holger",
    TITLE = "Modellierung des Stromnetzes für die hochratige Datenübertragung",
    BOOKTITLE = "8. Dortmunder Fernsehseminar",
    YEAR = 1999,
    MONTH = "27. September - 29. September",
    ADDRESS = "Dortmund",
}
@CONFERENCE{philipps:00,
    AUTHOR = "Philipps, Holger",
    TITLE = "Development of a Statistical Model for Powerline Communication Channels",
    BOOKTITLE = "International Symposium on Powerline Communications",
    PAGES = "?",
    YEAR = 2000,
    MONTH = "5. April - 7. April",
    ADDRESS = "Limerick, Irland",
    PUBLISHER = "Shannon Foundation",
}
@BOOK{philipps:02,
  author =       "Philipps, Holger",
  title =        "Hausinterne Stromversorgungsnetze als Übertragungswege für hochratige digitale Signale",
  publisher =    "Shaker Verlag",
  year =         "2002",
  address =      "Aachen",
  edition =      "1. Auflage",
  isbn =         "3-8265-9978-0",
  note =         "Dissertation",
  }
@TECHREPORT{Telekom,
  author =       {Deutsche Telekom},
  title =        {Verzeichnis der Ton- und Fernseh-Rundfunksenestellen in der BRD},
  institution =  {Deutsche Telekom},
  year =         {1992},
  type =         {},
  number =       {},
  address =      {Deutsche Bundespost Telekom Generaldirketion, 5300 Bonn 1},
  month =        {07},
  note  =        {},
  key =          {},
  crossref =     {},
  annote =       {},
}
@ARTICLE{huber:87:1,
    AUTHOR = "Huber, Johannes",
    TITLE = "Detektion und Optimalfilter für Digitalsignale mit Interferenzen, Teil I",
    YEAR = 1987,
    JOURNAL = "Frequenz",
    VOLUME = "41",
    NUMBER = "6/7",
    PAGES = "161-167",
}
@ARTICLE{c't:13:2001,
  author =       "Ernst Ahlers and Peter-Michael Ziegler",
  title  =       {Netz aus der Dose; Internet-Zugang per Stromnetz wird praktikabel},
  journal =      {c't Magazin für Computer Technik},
  year =         {2001},
  volume =       {13},
  number =       {},
  pages =        {},
  month =        {},
  note =         {},
  key =          {},
  crossref =     {},
  annote =       {},
}
@ARTICLE{c't:14:2000,
  author =       {Du\v{s}an \v{Z}ivadinovi\'{c}},
  title =        {Huckepack auf 230 Volt, Datenübertragung über Stromleitung},
  journal =      {c't 2000},
  year =         {2000},
  volume =       {14},
  number =       {},
  pages =        {112ff},
  month =        {},
  note =         {},
  key =          {},
  crossref =     {},
  annote =       {},
}
@BOOK{zimmermann:00:1,
  author =       "Manfred Zimmermann",
  title =        "Energieverteilnetze als Zugangsmedium für Telekommunikationsdienste",
  publisher =    "Shaker Verlag",
  year =         "2000",
  address =      "Aachen",
  edition =      "1. Auflage",
  isbn =         "3-8265-3664-0",
  note =         "Dissertation",
  }
@ARTICLE{zimmermann:00:2,
  author =       {Manfred Zimmermann and Klaus Dostert},
  title =        {Die Kanalkapazität von Powerline Kanälen unter Berücksichtigung von Beschränkungen der Sendeleistung und der nutzbaren Frequenzbereiche},
  journal =      {Kleinheubacher Berichte},
  volume =       {Band},
  number =       {43},
  pages =        {58-66},
  year =         {2000},
}
@TECHREPORT{dostert:01,
  author =       {Klaus Dostert},
  title =        {Powerline-Kommunikation},
  institution =  {Institut für Industrielle Informationstechnik },
  year =         {2001},
  type =         {Bericht},
  address =      {Universität Karlsruhe},
  note  =        {http://www-iiit.etec.uni-karlsruhe.de/~plc},
}
@ARTICLE{Funkschau:14/98,
  author =       {Thorsten Waldeck and Manfred Zimmermann and Klaus Dostert},
  title =        {Konzepte für Powerline-Kommunikationssyteme},
  journal =      {Funkschau},
  year =         {1998},
  volume =       {14},
  number =       {},
  pages =        {40ff},
  month =        {},
  note =         {},
  key =          {},
  crossref =     {},
  annote =       {},
}
@ARTICLE{Funkschau:4/98,
  author =       {Manfred Zimmermann and Klaus Dostert},
  title =        {Sprache über die Stromleitung},
  journal =      {Funkschau},
  year =         {1998},
  volume =       {4},
  number =       {},
  pages =        {22ff},
  month =        {},
  note =         {},
  key =          {},
  crossref =     {},
  annote =       {},
}
@ARTICLE{Funkschau:10/99,
  author =       {Hans Peter Kistner and Wolfgang Pauler},
  title =        {Powerline auf dem Prüfstand},
  journal =      {Funkschau},
  year =         {1999},
  volume =       {10},
  number =       {},
  pages =        {30ff},
  month =        {},
  note =         {},
  key =          {},
  crossref =     {},
  annote =       {},
}
@BOOK{Stearns:79,
  author =       "Samuel D. Stearns",
  title =        "Digitale Verarbeitung analoger Signale",
  publisher =    "Oldenburg",
  year =         "1979",
  address =      "",
  edition =      "Übersetzte Auflage",
  isbn =         "3-486-23101-4",
}

@BOOK{Connor:87,
  author =       "F.R. Connor",
  title =        "Rauschen - Zufallssignale, Rauschmessung, Systemvergleich",
  publisher =    "Vieweg",
  year =         "1987",
  address =      "Kassel",
  edition =      "1. Auflage",
  isbn =         "3-528-04376-8",
}
@PHDTHESIS{wittneben:96,
    TYPE = "Habilitation",
    AUTHOR = "Wittneben, Armin",
    TITLE = "Lineare Diversitätsverfahren in der Mobilkommunikation",
    YEAR = 1996,
    SCHOOL = "Technische Universität Darmstadt",
    PUBLISHER = "Technische Universität Darmstadt",
}
@PHDTHESIS{wittneben:01,
    TYPE = "Vorlesungsskript",
    AUTHOR = "Wittneben, Armin",
    TITLE = "Nachrichtentechnik I und II",
    YEAR = 2001,
    PUBLISHER = "Lehrstuhl für Nachrichtentechnik",
    EDITION = "zweite Auflage",
    SCHOOL = "Universität des Saarlandes",
}
@ARTICLE{wittneben:94,
  author =       "A. Wittneben",
  title =        "A Novel Bandwidth Efficient Analog Coding/Decoding Scheme for Data Transmission Over Fading Channels",
  publisher =    "ASCOM Tech Ltd.",
  year =         "1994",
}

@ARTICLE{wittneben:93,
  author =       "A. Wittneben",
  title =        "A new bandwith efficient transmit antenna modulation diversity scheme for linear digital modulation",
  journal =      "Proc. of IEEE ICC",
  year =         "1993",
  page =         "1630-1634",
}
@ARTICLE{wittneben:91,
  author =       "A. Wittneben",
  title =        "Basestation modulation diversity for digital SIMULCAST",
  journal =      "Proc. of IEEE",
  year =         "1991",
  page =         "",
}

@ARTICLE{alamouti:99,
  author =       " S. M. Alamouti",
  title =        "A simple transmit diversity technique for wireless communications",
  journal =      "IEEE Journal on Selected Areas of Communications",
  year =         "Oct. 1999",
  volume =       "16",
  page =         "1451-1458",
}

@ARTICLE{tarokh:98,
  author =       {V. Tarokh},
  title =        {Space-Time Codes for High Data Rate Wireless Communication: Performance Criterion and Code Construction},
  journal =      {IEEE transactions on information theory},
  year =         {1998},
  volume =       {44},
  number =       {2},
  month =        {März},
}

@ARTICLE{tarokh:99,
  author =       {V. Tarokh},
  title =        {Space-Time Codes from Orthogonal Designs},
  journal =      {IEEE transactions on information theory},
  year =         {1999},
  volume =       {45},
  number =       {},
  month =        {July},
}
@BOOK{fischer:97,
    AUTHOR = "Fischer, Robert",
    TITLE = "Mehrkanal-- und Mehrträgerverfahren für die schnelle digitale Übertragung im Ortsanschlußleitungsnetz",
    YEAR = 1997,
    PUBLISHER = "Shaker Verlag",
    EDITION = "erste Auflage",
    ISBN = "3-8265-2081-5",
    ADDRESS = "Aachen",
    NOTE = "Dissertation",
}
@PHDTHESIS{sorger:96,
    TYPE = "Vorlesungsskript",
    AUTHOR = "Sorger, U.",
    TITLE = "Mobile Kommunikation",
    YEAR = 1996,
    PUBLISHER = "Institut für Netzwerk-- und Signaltheorie",
    EDITION = "erste Auflage",
    SCHOOL = "Technische Hochschule Darmstadt",
}
@BOOK{bertsekas:92,
    AUTHOR = "Gallager, R. and Bertsekas, D.",
    TITLE = "Data Networks",
    YEAR = 1992,
    PUBLISHER = "Prentice Hall",
    PRICE = "100,00 DM",
    EDITION = "zweite Auflage",
    ISBN = "0-13-200916-1",
    ADDRESS = "Upper Saddle River, NJ",
}

@BOOK{blum:96,
    AUTHOR = "Blum, Alfons",
    TITLE = "Elektronisches Rauschen",
    YEAR = 1996,
    PUBLISHER = "Teubner-Verlag",
    PRICE = "84,55 DM",
    EDITION = "erste Auflage",
    ISBN = "3-519-06183-x",
    ADDRESS = "Stuttgart",
}

@BOOK{boehme:98,
    AUTHOR = "Böhme, Johann F.",
    TITLE = "Stochastische Signale",
    YEAR = 1998,
    PUBLISHER = "Teubner-Verlag",
    PRICE = "41,80 DM",
    EDITION = "zweite Auflage",
    ISBN = "3-519-16160-5",
    ADDRESS = "Stuttgart",
}

@BOOK{bossert:99,
    AUTHOR = "Bossert, Martin",
    TITLE = "Digitale Netze",
    YEAR = 1999,
    PUBLISHER = "Teubner-Verlag",
    PRICE = "51,00 DM",
    ISBN = "3-519-06191-0",
}

@BOOK{bossert:98,
    AUTHOR = "Bossert, Martin",
    TITLE = "Kanalcodierung",
    YEAR = 1998,
    PUBLISHER = "Teubner-Verlag",
    PRICE = "121,60 DM",
    EDITION = "zweite Auflage",
    ISBN = "3-519-16143-5",
    ADDRESS = "Stuttgart",
}

@BOOK{brigola:97,
    AUTHOR = "Brigola, Rolf",
    TITLE = "Fourieranalysis, Distributionnen und Anwendungen",
    YEAR = 1997,
    PUBLISHER = "Vieweg-Verlag",
    PRICE = "37,81 DM",
    EDITION = "erste Auflage",
    ISBN = "3-528-06619-9",
    ADDRESS = "Braunschweig, Wiesbaden",
}

@BOOK{bronstein:99,
    AUTHOR = "Bronstein, I.N. and Mühlig, H. and Musiol, G. and Semendjajew, K.A.",
    TITLE = "Taschenbuch der Mathematik",
    YEAR = 1999,
    PUBLISHER = "Harri Deutsch",
    PRICE = "64,60 DM",
    EDITION = "vierte überarbeitete und erweiterte Auflage",
    ISBN = "3-8171-2004-4",
}

@BOOK{lee:98,
    AUTHOR = "Lee, Rosanna and Chan, Patrick",
    TITLE = "The Java Class Libraries, Vol.2",
    YEAR = 1998,
    PUBLISHER = "Addison-Wesley",
    PRICE = "104,80 DM",
    EDITION = "zweite Auflage",
    ISBN = "0-201-31003-1",
    ADDRESS = "Reading, Massachusetts",
}

@BOOK{duden:91,
    AUTHOR = "Duden",
    TITLE = "Mathematik II",
    YEAR = 1991,
    PUBLISHER = "Dudenverlag",
    PRICE = "25,55 DM",
    EDITION = "dritte Auflage",
    ISBN = "3-411-04206-0",
    ADDRESS = "Mannheim",
}

@BOOK{duden:99,
    AUTHOR = "Duden",
    TITLE = "Mathematik I",
    YEAR = 1999,
    PUBLISHER = "Dudenverlag",
    PRICE = "28,40 DM",
    EDITION = "sechste Auflage",
    ISBN = "3-411-04273-7",
    ADDRESS = "Mannheim",
}

@BOOK{finger:97,
    AUTHOR = "Finger, Adolf",
    TITLE = "Pseudorandom-Signalverarbeitung",
    YEAR = 1997,
    PUBLISHER = "Teubner-Verlag",
    PRICE = "84,55 DM",
    EDITION = "erste Auflage",
    ISBN = "3-519-06184-8",
    ADDRESS = "Stuttgart",
}

@BOOK{fliege:93,
    AUTHOR = "Fliege, Norbert",
    TITLE = "Multiraten-Signalverarbeitung",
    YEAR = 1993,
    PUBLISHER = "Teubner-Verlag",
    EDITION = "erste Auflage",
    PRICE = "79,80 DM",
    ISBN = "3-519-06155-4",
}


@BOOKLET{goetze,
    AUTHOR = "Götze, Jürgen",
    TITLE = "Adaptive Filter: Theorie und Anwendung I",
    EDITION = "erste Auflage",
    ADDRESS = "Uni Dortmund",
}

@BOOK{mittelbach:94,
    AUTHOR = "Samarin, A. and Mittelbach, F. and Goossens, M.",
    TITLE = "Der Latex-Begleiter",
    YEAR = 1994,
    PUBLISHER = "Addison-Wesley",
    PRICE = "75,90 DM",
    ISBN = "3-89319-646-3",
}

@BOOK{haensler:97,
    AUTHOR = "Hänsler, Eberhard",
    TITLE = "Statistische Signale",
    YEAR = 1997,
    PUBLISHER = "Springer Verlag",
    EDITION = "zweite, neu bearbeitete Auflage",
    PRICE = "88 DM",
    ISBN = "3-540-61816-3",
}

@BOOK{vanveen:99,
    AUTHOR = "Van Veen, Barry and Haykin, Simon",
    TITLE = "Signals and Systems",
    YEAR = 1999,
    PUBLISHER = "John Wiley",
    PRICE = "78,00 DM",
    EDITION = "erste Auflage",
    ISBN = "0-471-13820-7",
}

@BOOK{hess:93,
    AUTHOR = "Hess, Wolfgang",
    TITLE = "Digitale Filter",
    YEAR = 1993,
    PUBLISHER = "Teubner-Verlag",
    PRICE = "45,60 DM",
    EDITION = "zweite Auflage",
    ISBN = "3-51916121-4",
}

@BOOK{hoffmann:98,
    AUTHOR = "Hoffmann, Rüdiger",
    TITLE = "Signalanalyse und -erkennung",
    YEAR = 1998,
    PUBLISHER = "Springer Verlag",
    EDITION = "zweite Auflage",
    PRICE = "64,60 DM",
    ISBN = "3-540-63443-6",
}

@BOOK{kammeyer:96,
    AUTHOR = "Kammeyer, Karl Dirk",
    TITLE = "Nachrichtenübertragung",
    YEAR = 1996,
    PUBLISHER = "B.G. Teubner",
    EDITION = "zweite, neubearbeitete und erweiterte Auflage",
    PRICE = "89 DM",
    ISBN = "3-519-16142-7",
}

@BOOK{kohling:98,
    AUTHOR = "Kohling, Anton",
    TITLE = "EMV von Gebäuden, Anlagen und Geräten",
    YEAR = 1998,
    PUBLISHER = "VDE Verlag",
    PRICE = "80,75 DM",
    EDITION = "erste Auflage",
    ISBN = "3-8007-2261-5",
}

@BOOK{langenscheidt:98,
    AUTHOR = "Langenscheidt",
    TITLE = "Wörterbuch Englisch; Elektrotechnik",
    YEAR = 1998,
    PUBLISHER = "Langenscheidt",
    PRICE = "331,55 DM",
    ISBN = "3-86117-118X",
}

@BOOK{messerschmitt:94,
    AUTHOR = "Messerschmitt, D.G. and Lee, E.A.",
    TITLE = "Digital Communications",
    YEAR = 1994,
    PUBLISHER = "Kluwer Academic Publischers",
    PRICE = "241,00 DM",
    EDITION = "zweite Auflage",
    ISBN = "0-7923-9391-0",
}

@BOOK{lueke:95,
    AUTHOR = "Lüke, Hans Dieter",
    TITLE = "Signalübertragung",
    YEAR = 1995,
    PUBLISHER = "Springer Verlag",
    PRICE = "51,30 DM",
    EDITION = "sechste Auflage",
    ISBN = "3-540-58753-5",
}

@BOOK{mertins:96,
    AUTHOR = "Mertins, Alfred",
    TITLE = "Signaltheorie  ",
    YEAR = 1996,
    PUBLISHER = "Teubner-Verlag",
    EDITION = "erste Auflage",
    PRICE = "98 DM",
    ISBN = "3-519-06178-3",
}

@BOOK{papoulis:91,
    AUTHOR = "Papoulis, Athansios",
    TITLE = "Probability, Random Variables, and Stochastic Processes",
    YEAR = 1991,
    PUBLISHER = "McGraw-Hill",
    EDITION = "dritte Auflage",
    PRICE = "211,30 DM",
    ISBN = "0-07-048477-5",
}

@BOOK{papoulis:81,
    AUTHOR = "Papoulis, Athansios",
    TITLE = "Signal Analysis",
    YEAR = 1981,
    PUBLISHER = "McGraw-Hill",
    EDITION = "erste Auflage",
    PRICE = "218,00 DM",
    ISBN = "0-07-048460-0",
}

@BOOK{proakis:95,
    AUTHOR = "Proakis, John, G.",
    TITLE = "Digital Communications",
    YEAR = 1995,
    PUBLISHER = "McGraw-Hill",
    PRICE = "64,00 DM",
    EDITION = "dritte Auflage",
    ISBN = "0-07-113814-5",
}

@BOOK{schuessler:94,
    AUTHOR = "Schüßler, H.W.",
    TITLE = "Digitale Signalverarbeitung 1, Analyse diskreter Signale und Systeme",
    YEAR = 1994,
    PUBLISHER = "Springer Verlag",
    PRICE = "93,10 DM",
    EDITION = "4., völlig neu bearb. Auflage",
    ISBN = "3-540-57428-X",
}

@BOOK{schwarz:93,
    AUTHOR = "Schwarz, Robert",
    TITLE = "Nachrichtenübertragung 1 - System- u. Informationstheorie",
    YEAR = 1993,
    PUBLISHER = "Oldenbourg",
    PRICE = "37,81 DM",
    EDITION = "erste Auflage",
    ISBN = "3-486-22323-2",
}

@BOOK{simon:95,
    AUTHOR = "Simon, Hinedi Lindsey",
    TITLE = "Digital Communication Techniques ",
    YEAR = 1995,
    PUBLISHER = "Prentice Hall",
    PRICE = "184,39 DM",
    ISBN = "0-13-200610-3",
}

@BOOK{stoecker:98,
    AUTHOR = "Stöcker, Horst",
    TITLE = "Taschenbuch der Physik",
    YEAR = 1998,
    PUBLISHER = "Harri Deutsch",
    PRICE = "45,60 DM",
    EDITION = "dritte Auflage",
    ISBN = "3-8171-1556-3",
}

@BOOK{tanenbaum:96,
    AUTHOR = "Tanenbaum, Andrew S.",
    TITLE = "Computernetzwerke",
    YEAR = 1996,
    PUBLISHER = "Prentice Hall",
    PRICE = "94,95 DM",
    EDITION = "dritte Auflage",
    ISBN = "3-8272-9568-8",
}

@BOOK{kern:98,
    AUTHOR = "Kern and Wiesbeck and Thumm",
    TITLE = "Hochfrequenzmesstechnik",
    YEAR = 1998,
    PUBLISHER = "Teubner-Verlag",
    PRICE = "75,05 DM",
    EDITION = "zweite Auflage",
    ISBN = "3-519-16360-8",
}

@BOOK{van_nee:00,
    AUTHOR = "Prasad, R. and Van Nee, R.",
    TITLE = "OFDM for wireless multimedia communications",
    YEAR = 2000,
    PUBLISHER = "Artech House",
    PRICE = "228,65 DM",
    ISBN = "0-89006-530-6",
}

@BOOK{hanzo:98,
    AUTHOR = "Hanzo, Lajos and Webb, William",
    TITLE = "Single- and multi-carrier quadrature amplitude modulation",
    YEAR = 1998,
    PUBLISHER = "John Wiley",
    PRICE = "257,50 DM",
    EDITION = "dritte Auflage",
    ISBN = "0-7803-1098-5",
}

@BOOK{wilson:96,
    AUTHOR = "Wilson, Stephen",
    TITLE = "Digital Modulation and Coding",
    YEAR = 1996,
    PUBLISHER = "Prentice Hall",
    PRICE = "173,94 DM",
    EDITION = "erste Auflage",
    ISBN = "0-13-210071-1",
}

@BOOK{wozencraft:65,
    AUTHOR = "Wozencraft, John M. and Jacobs, Irwin Mark",
    TITLE = "Principles of Communication Engineering",
    YEAR = 1965,
    PUBLISHER = "Waveland Press",
    EDITION = "erste Auflage",
    PRICE = "133,90 DM",
    ISBN = "0-88133-554-1",
}

@BOOK{zurmuehl:97,
    AUTHOR = "Zurmühl, R. and Falk, S.",
    TITLE = "Matrizen 1 - Grundlagen",
    YEAR = 1997,
    PUBLISHER = "Springer Verlag",
    PRICE = "140,60 DM",
    EDITION = "siebte Auflage",
    ISBN = "3-5401436-2",
}

@BOOK{rupprecht:82:3,
    AUTHOR = "Rupprecht, Werner and Steinbuch, Karl",
    TITLE = "Nachrichtentechnik III - Nachrichtenverarbeitung",
    YEAR = 1982,
    PUBLISHER = "Springer",
    EDITION = "dritte Auflage",
    ISBN = "3-540-11414-9",
}

@BOOK{rupprecht:82:2,
    AUTHOR = "Rupprecht, Werner and Steinbuch, Karl",
    TITLE = "Nachrichtentechnik II - Nachrichtenübertragung",
    YEAR = 1982,
    PUBLISHER = "Springer",
    EDITION = "dritte Auflage",
    ISBN = "3-540-11352-5",
}

@BOOK{rupprecht:82:1,
    AUTHOR = "Rupprecht, Werner and Steinbuch, Karl",
    TITLE = "Nachrichtentechnik I - Schaltungstechnik",
    YEAR = 1982,
    PUBLISHER = "Springer",
    EDITION = "dritte Auflage",
    ISBN = "3-540-11342-8",
}

@BOOK{schuessler:90:1,
    AUTHOR = "Schüßler, H.W.",
    TITLE = "Netzwerke, Signale und Systeme I - Systemtheorie linearer elektrischer Netzwerke",
    YEAR = 1990,
    PUBLISHER = "Springer-Lehrbuch",
    EDITION = "zweite Auflage",
    ISBN = "3-540-52987-x",
}

@BOOK{schuessler:90:2,
    AUTHOR = "Schüßler, H.W.",
    TITLE = "Netzwerke, Signale und Systeme II - Theorie kontinuierlicher und diskreter Signale und Systeme",
    YEAR = 1990,
    PUBLISHER = "Springer-Lehrbuch",
    EDITION = "zweite Auflage",
    ISBN = "3-540-52986-1",
}

@BOOK{unbehauen:80,
    AUTHOR = "Unbehauen, Rolf",
    TITLE = "Systemtheorie - Eine Darstellung für Ingenieure",
    YEAR = 1980,
    PUBLISHER = "Oldenbourg",
    PRICE = "58,00 DM",
    EDITION = "dritte Auflage",
    ISBN = "3-486-38453-8",
}

@BOOK{kroschel:96,
    AUTHOR = "Kroschel, Kristian",
    TITLE = "Statistische Nachrichtentheorie - Signal- u. Mustererkennung, Parameter- u. Signalschätzung",
    YEAR = 1996,
    PUBLISHER = "Springer",
    PRICE = "98,00 DM",
    EDITION = "dritte Auflage",
    ISBN = "3-540-61306-4",
}

@BOOK{barnett:96,
    AUTHOR = "Barnett, St.",
    TITLE = "Matrices: Methods and Applications",
    YEAR = 1996,
    PUBLISHER = "Clarendon Press Oxford",
    PRICE = "108,40 DM",
    EDITION = "vierte Auflage",
    ISBN = "0-19-859680-4",
}

@BOOK{goiser:98,
    AUTHOR = "Goiser, Alois",
    TITLE = "Handbuch der Spread-Spectrum Technik",
    YEAR = 1998,
    PUBLISHER = "Springer",
    EDITION = "erste Auflage",
    ISBN = "3-211-83080-4",
}

@BOOK{schafer:99,
    AUTHOR = "Schafer, Ronald W. and Oppenheim, Alan V.",
    TITLE = "Zeitdiskrete Signalverarbeitung",
    YEAR = 1999,
    PUBLISHER = "Oldenbourg",
    EDITION = "dritte Auflage",
    ISBN = "3-486-24145-1",
}

@BOOK{keller:00,
    AUTHOR = "Keller, T. and Webb, William and Hanzo, Lajos",
    TITLE = "Single- and Multi-carrier Quadrature Amplitude Modulation",
    YEAR = 2000,
    PUBLISHER = "John Wiley",
    EDITION = "erste Auflage",
    ISBN = "0-471-49239-6",
}

@BOOK{brigham:92,
    AUTHOR = "Brigham, E. Oran",
    TITLE = "FFT - Schnelle Fourier-Transformation",
    YEAR = 1992,
    PUBLISHER = "Oldenbourg",
    EDITION = "fünfte Auflage",
    ISBN = "3-486-22242-2",
}

@BOOK{brigham:97,
    AUTHOR = "Brigham, E. Oran",
    TITLE = "FFT-Anwendungen",
    YEAR = 1997,
    PUBLISHER = "Oldenbourg",
    EDITION = "erste Auflage",
    ISBN = "3-486-21567-1",
}

@BOOK{klein:76,
    AUTHOR = "Klein, W.",
    TITLE = "Finite Systemtheorie",
    YEAR = 1976,
    PUBLISHER = "Teubner",
    EDITION = "erste Auflage",
    ISBN = "3-519-06106-6",
}

@BOOK{johannesson:92,
    AUTHOR = "Johannesson, Rolf",
    TITLE = "Informationstheorie - Grundlagen der (Tele-)Kommunikation",
    YEAR = 1992,
    PUBLISHER = "Addison-Wesley",
    EDITION = "erste Auflage",
    ISBN = "3-89319-465-7",
}

@BOOK{wille:92:2,
    AUTHOR = "Wille, Friedrich and Haf, Herbert and Burg, Klemens",
    TITLE = "Höhere Mathematik für Ingenieure II - Lineare Algebra",
    YEAR = 1992,
    PUBLISHER = "Teubner",
    EDITION = "dritte Auflage",
    ISBN = "3-519-22956-0",
}

@BOOK{tiedge:95,
    AUTHOR = "Tiedge, J. and Pieper, V. and Hackel, H. and Beyer, O.",
    TITLE = "Wahrscheinlichkeitsrechnung und mathematische Statistik",
    YEAR = 1995,
    PUBLISHER = "Teubner",
    EDITION = "siebte Auflage",
    ISBN = "3-8154-2075-x",
}

@BOOK{kreyszig:79,
    AUTHOR = "Kreyszig, Erwin",
    TITLE = "Statistische Methoden und ihre Anwendung",
    YEAR = 1979,
    PUBLISHER = "Vandenhoeck and Ruprecht",
    EDITION = "siebte Auflage",
    ISBN = "3-525-40717-3",
}

@BOOK{kammeyer_kroschel:98,
    AUTHOR = "Kammeyer, Karl Dirk and Kroschel, Kristian",
    TITLE = "Digitale Signalverarbeitung",
    YEAR = 1998,
    PUBLISHER = "Teubner",
    EDITION = "vierte Auflage",
    ISBN = "3-519-36122-1",
}

@BOOK{grams:86,
    AUTHOR = "Grams, Timm",
    TITLE = "Codierungsverfahren",
    YEAR = 1986,
    PUBLISHER = "BI",
    EDITION = "erste Auflage",
    ISBN = "3-411-00625-0",
}

@BOOK{donnevert:74,
    AUTHOR = "Donnevert, Jürgen",
    TITLE = "Richtfunkübertragungstechnik",
    YEAR = 1974,
    PUBLISHER = "Oldenbourg",
    EDITION = "erste Auflage",
    ISBN = "3-486-34601-6",
}

@BOOK{pandit:84,
    AUTHOR = "Pandit, Madhukar and Grünberger, Gerhard and Baier, Paul Walter",
    TITLE = "Störunterdrückende Funkübertragungstechnik",
    YEAR = 1984,
    PUBLISHER = "Oldenbourg",
    EDITION = "erste Auflage",
    ISBN = "3-486-27721-9",
}

@BOOK{maeusl:78,
    AUTHOR = "Mäusl, Rudolf",
    TITLE = "Hochfrequenzmeßtechnik - Meßverfahren und Meßgeräte",
    YEAR = 1978,
    PUBLISHER = "UTB - Hüthig Verlag",
    EDITION = "zweite Auflage",
    ISBN = "3-7785-0484-3",
}

@BOOK{kraus:80,
    AUTHOR = "Kraus, Alexander",
    TITLE = "Einführung in die Hochfrequenzmeßtechnik",
    YEAR = 1980,
    PUBLISHER = "Pflaum Verlag",
    EDITION = "erste Auflage",
    ISBN = "3-7905-0318-5",
}

@BOOK{schwartz:80,
    AUTHOR = "Schwartz, Mischa",
    TITLE = "Information Transmission, Modulation and Noise",
    YEAR = 1980,
    PUBLISHER = "McGraw-Hill",
    EDITION = "dritte Auflage",
    ISBN = "0-07-055782-9",
}

@BOOK{sachs:78,
    AUTHOR = "Sachs, Lothar",
    TITLE = "Angewandte Statistik",
    YEAR = 1978,
    PUBLISHER = "Springer",
    EDITION = "fünfte Auflage",
    ISBN = "3-540-08813-x",
}

@BOOK{lochmann:95,
    AUTHOR = "Lochmann, Dietmar",
    TITLE = "Digitale Nachrichtentechnik - Signale, Codierung, Übertragungssysteme, Netze",
    YEAR = 1995,
    PUBLISHER = "VT - Verlag Technik",
    EDITION = "erste Auflage",
    ISBN = "3-341-01110-2",
}

@BOOK{bellamy:82,
    AUTHOR = "Bellamy, John C.",
    TITLE = "Digital Telephony",
    YEAR = 1982,
    PUBLISHER = "Wiley-Interscience",
    EDITION = "erste Auflage",
    ISBN = "0-471-08089-6",
}

@BOOK{wolf:82,
    AUTHOR = "Wolf, H.",
    TITLE = "Nachrichtenübertragung - Eine Einführung in die Theorie",
    YEAR = 1982,
    PUBLISHER = "Springer",
    EDITION = "Berichtigter Nachdruck",
    ISBN = "3-540-06359-5",
}

@BOOK{gundlach:86,
    AUTHOR = "Gundlach and Meinke",
    TITLE = "Taschenbuch der Hochfrequenztechnik II - Komponenten",
    YEAR = 1986,
    PUBLISHER = "Springer",
    EDITION = "vierte Auflage",
    ISBN = "3-540-15395-0",
}

@BOOK{gundlach:86:1,
    AUTHOR = "Gundlach and Meinke",
    TITLE = "Taschenbuch der Hochfrequenztechnik I - Grundlagen",
    YEAR = 1986,
    PUBLISHER = "Springer",
    EDITION = "vierte Auflage",
    ISBN = "3-540-15394-2",
}

@BOOK{gundlach:86:3,
    AUTHOR = "Gundlach and Meinke",
    TITLE = "Taschenbuch der Hochfrequenztechnik III - Systeme",
    YEAR = 1986,
    PUBLISHER = "Springer",
    EDITION = "vierte Auflage",
    ISBN = "3-540-15396-9",
}

@BOOK{brunswig:96,
    AUTHOR = "Brunswig, H. and Zinke, O.",
    TITLE = "Hochfrequenztechnik I - Hochfrequenzfilter, Leitungen, Antennen",
    YEAR = 1996,
    PUBLISHER = "Springer",
    EDITION = "fünfte Auflage",
    ISBN = "3-540-58070-0",
}

@BOOK{brunswig:93,
    AUTHOR = "Brunswig, H. and Zinke, O.",
    TITLE = "Hochfrequenztechnik II - Elektronik und Signalverarbeitung",
    YEAR = 1993,
    PUBLISHER = "Springer",
    EDITION = "vierte Auflage",
    ISBN = "3-540-55084-4",
}

@BOOK{schwieger:83,
    AUTHOR = "Schwieger, Eckart",
    TITLE = "Digitale Butterworthfilter - Auslegunsrezepte und Anwendungen",
    YEAR = 1983,
    PUBLISHER = "Oldenbourg",
    EDITION = "erste Auflage",
    ISBN = "3-486-27761-8",
}

@BOOK{lighthill:66,
    AUTHOR = "Lighthill, M. J.",
    TITLE = "Einführung in die Theorie der Fourier-Analysis und der verallgemeinerten Funktionen",
    YEAR = 1966,
    PUBLISHER = "BI 139",
    EDITION = "erste Auflage",
}

@BOOK{gallager:68,
    AUTHOR = "Gallager, R.",
    TITLE = "Information Theory and Reliable Communication",
    YEAR = 1968,
    PUBLISHER = "John Wiley and Sons, inc.",
    EDITION = "erste Auflage",
}

@PHDTHESIS{waldeck:99,
    AUTHOR  = "Waldeck, Torsten",
    TITLE   = "Einzel- u. Mehrträgerverfahren für die störresistente Kommunikation auf Energieverteilnetzen",
    YEAR    = 1999,
    SCHOOL  = "Univ. Fridericiana zu Karlsruhe",
    EDITION = "erste Auflage",
    TYPE    = "Dissertation",
}
@BOOK{bliefert:98,
    AUTHOR = "Bliefert, C. and Ebel, H. F.",
    TITLE = "Schreiben und Publizieren in den Naturwissenschaften",
    YEAR = 1998,
    PUBLISHER = "Wiley-VCH",
    EDITION = "vierte Auflage",
    ISBN = "3-527-29626-3",
}

@BOOK{dirschmid:87,
    AUTHOR = "Dirschmid, Hans Jörg",
    TITLE = "Mathematische Grundlagen der Elektrotechnik",
    YEAR = 1987,
    PUBLISHER = "Vieweg and Sohn",
    EDITION = "zweite Auflage",
    ISBN = "3-528-13034-2",
}

@BOOK{kailath:81,
    AUTHOR = "Kailath, T.",
    TITLE = "Lectures on Wiener and Kalman Filtering",
    YEAR = 1981,
    PUBLISHER = "Springer",
    EDITION = "zweite Auflage",
    ISBN = "3-211-81664-x",
}

@BOOK{storm:71,
    AUTHOR = "Storm, L. and Bittel, H.",
    TITLE = "Rauschen",
    YEAR = 1971,
    PUBLISHER = "Springer",
    EDITION = "erste Auflage",
    ISBN = "3-540-05055-8",
}

@BOOK{zilm:98,
    AUTHOR = "Zilm, Thorsten and Günther, Karsten",
    TITLE = "Mit Latex 2e wissenschaftliche Arbeiten erstellen",
    YEAR = 1998,
    PUBLISHER = "bhv Verlags GmbH",
    EDITION = "erste Auflage",
    ISBN = "3-89360-960-1",
}

@BOOK{stoecker:93,
    AUTHOR = "Stöcker, Horst",
    TITLE = "Taschenbuch mathematischer Formeln und moderner Verfahren",
    YEAR = 1993,
    PUBLISHER = "Harri Deutsch",
    EDITION = "zweite Auflage",
    ISBN = "3-8171-1256-4",
}

@BOOK{lesky:89:3,
    AUTHOR = "Lesky, Peter and Brenner, Jörg",
    TITLE = "Mathematik für Ingenieure und Naturwissenschaftler III",
    YEAR = 1989,
    PUBLISHER = "Aula",
    EDITION = "vierte Auflage",
    ISBN = "3-923944-23-3",
}

@BOOK{lesky:89:4,
    AUTHOR = "Lesky, Peter and Brenner, Jörg",
    TITLE = "Mathematik für Ingenieure und Naturwissenschaftler IV",
    YEAR = 1989,
    PUBLISHER = "Aula",
    EDITION = "dritte Auflage",
    ISBN = "3-923944-99-3",
}

@BOOK{werner:93,
    AUTHOR = "Werner, Helmut and Schaback, Robert",
    TITLE = "Numerische Mathematik",
    YEAR = 1993,
    PUBLISHER = "Springer",
    EDITION = "vierte, vollständig überarbeitet Auflage",
    ISBN = "3-540-54738-x",
}

@BOOK{turnbull:60,
    AUTHOR = "Turnbull, H. W.",
    TITLE = "The theory of determinants, matrices and invariants",
    YEAR = 1960,
    PUBLISHER = "Dover Publications, inc.",
    EDITION = "dritte Auflage",
}

@BOOK{wille:93:3,
    AUTHOR = "Wille, Friedrich and Haf, Herbert and Burg, Klemens",
    TITLE = "Höhere Mathematik für Ingenieure III",
    YEAR = 1993,
    PUBLISHER = "Teubner",
    EDITION = "dritte, durchgesehene und erweiterte Auflage",
    ISBN = "3-519-22957-9",
}

@BOOK{wille:92:1,
    AUTHOR = "Wille, Friedrich and Haf, Herbert and Burg, Klemens",
    TITLE = "Höhere Mathematik für Ingenieure I - Analysis",
    YEAR = 1992,
    PUBLISHER = "Teubner",
    EDITION = "dritte, durchgesehene Auflage",
    ISBN = "3-519-22955-2",
}

@PROCEEDINGS{vinck:99,
    TITLE = "Proceedings of the 3rd International Symposium on Powerline Communications and its Applications (ISPLC'99)",
    YEAR = 1999,
    EDITOR = "Honary, B. and Han Vinck, A.J.",
    PUBLISHER = "Shannon Foundation",
    INSTITUTION = "Shannon Foundation",
    ADRESS = "Lancaster, UK",
    EDITION = "erste Auflage",
    ISBN = "90-74249-22-1",
}

@PROCEEDINGS{vinck:98,
    TITLE = "Proceedings of the International Symposium on Powerline Communications and its Application",
    YEAR = 1998,
    EDITOR = "Marubayashi, G. and Han Vinck, A.J.",
    EDITION = "erste Auflage",
    ISBN = "90-74249-18-3",
}

@PROCEEDINGS{vinck:97,
    TITLE = "Proceedings of the International 2rd Symposium on Powerline Communications and its Applications II",
    YEAR = 1997,
    EDITOR = "Hooijen, O. and Han Vinck, A.J.",
    PUBLISHER = "Shannon Foundation",
    INSTITUTION = "Shannon Foundation",
    ADRESS = "Essen",
    EDITION = "erste Auflage",
    ISBN = "90-74249-16-7",
}

@BOOK{Proakis:96,
    AUTHOR = "Manolakis, Dimitris G. and Proakis, John, G.",
    TITLE = "Digital Signal Processing",
    YEAR = 1996,
    PUBLISHER = "Prentice Hall",
    EDITION = "dritte Auflage",
    ISBN = "0-13-373762-4",
}

@BOOK{xiong:00,
    AUTHOR = "Xiong, Fuqin",
    TITLE = "Digital Modulation Techniques",
    YEAR = 2000,
    PUBLISHER = "Artech House",
    EDITION = "erste Auflage",
    ISBN = "0-89006-970-0",
}

@BOOK{kwock-yeung:96,
    AUTHOR = "Kwock-Yeung, Lo and Litva",
    TITLE = "Digital Beamforming in Wireless Communications",
    YEAR = 1996,
    PUBLISHER = "Artech",
    EDITION = "erste Auflage",
    ISBN = "0-89006-712-0",
}

@BOOK{haykin:96,
    AUTHOR = "Haykin, Simon",
    TITLE = "Adaptive Filter Theory",
    YEAR = 1996,
    PUBLISHER = "Prentice Hall",
    EDITION = "dritte Auflage",
    ISBN = "0-13-322760-x",
}

@BOOK{fechtel:98,
    AUTHOR = "Fechtel, Stefan A. and Moeneclaey, Marc and Meyr",
    TITLE = "Digital Communications Receivers",
    YEAR = 1998,
    PUBLISHER = "John Wiley and Sons",
    EDITION = "erste Auflage",
    ISBN = "0-471-50275-8",
}

@BOOK{dostert:00,
    AUTHOR = "Dostert, K.",
    TITLE = "Powerline Kommunikation",
    YEAR = 2000,
    PUBLISHER = "Franzis Verlag",
    EDITION = "erste Auflage",
    ISBN = "3-7723-4423-2",
}

@BOOK{benkner:96,
    AUTHOR = "Benkner, T. and David, K.",
    TITLE = "Digitale Mobilfunksysteme",
    YEAR = 1996,
    PUBLISHER = "Teubner",
    EDITION = "erste Auflage",
    ISBN = "3-519-06181-3",
}

@BOOK{lindsey:95,
    AUTHOR = "Lindsey, William C. and Hinedi, Sami M. and Simon, Marvin K.",
    TITLE = "Digital Communication Techniques",
    YEAR = 1995,
    PUBLISHER = "Prentice Hall",
    EDITION = "erste Auflage",
    ISBN = "0-13-200610-3",
}

@BOOK{cheah:99,
    AUTHOR = "Cheah, Jonathon Y.G.",
    TITLE = "Practical Wireless Data Modem Design (with CD-Rom)",
    YEAR = 1999,
    PUBLISHER = "Artech House Publishers",
    EDITION = "erste Auflage",
    ISBN = "1-58053-047-8",
}

@BOOK{oppenheim:95:,
    AUTHOR = "Schafer, Ronald W. and Oppenheim, Alan V.",
    TITLE = "Zeitdiskrete Signalverarbeitung",
    YEAR = 1995,
    PUBLISHER = "Oldenbourg",
    EDITION = "zweite, neu übersetzte und überarbeitete Auflage",
    ISBN = "3-486-22948-6",
}
