@MISC{BDP:01,
  author =       {Wikipedia},
  title =        {Beobachter-Entwurfsmuster},
  howpublished = {\url{http://de.wikipedia.org/wiki/Beobachter_(Entwurfsmuster)}},
  year =         {2014},
  note =         {},
  source =       {},
}

@MISC{FDP:01,
  author =       {Wikipedia},
  title =        {Fassade-Entwurfsmuster},
  howpublished = {\url{http://de.wikipedia.org/wiki/Fassade_(Entwurfsmuster)}},
  year =         {2013},
  note =         {},
  source =       {},
}




@MISC{QEC:01,
  author =       {National-Instruments},
  title =        {Quadratur Encoder},
  howpublished = {\url{http://www.ni.com/images/gettingstarted/d/sensor_30.gif}},
  year =         {},
  note =         {},
  source =       {},
}

@MISC{OTRP:01,
  author =       {Tom Erkkinen},
  title =        {On-Target Rapid Prototyping},
  howpublished = {\url{http://www.embedded.com/design/embedded/4006436/How-to-use-on-target-rapid-prototyping}},
  year =         {2004},
  note =         {},
  source =       {},
}

@MISC{LAP:01,
  author =       {Mathworks},
  title =        {Laptop},
  howpublished = {\url{http://www.mathworks.de/products/xpctarget/description1.html}},
  year =         {},
  note =         {},
  source =       {},
}

@MISC{DRV:01,
  author =       {Texas-Instruments},
  title =        {DRV8312},
  howpublished = {\url{http://www.ti.com/tool/drv8312-c2-kit}},
  year =         {2013},
  note =         {},
  source =       {},
}

@MISC{LUF:01,
  author =       {Conrad},
  title =        {Lüfter},
  howpublished = {\url{http://www.conrad.de/ce/de/product/560097/EBM-Papst-Axialluefter-198-mh-Geraeusch-Entwicklung-max-49-dBA-L-x-B-x-H-119-x-119-x-32-mm-4312-NHH}},
  year =         {2013},
  note =         {},
  source =       {},
}

@MISC{PER:01,
  author =       {Speedgoat},
  title =        {Performance real-time target machine},
  howpublished = {\url{http://www.speedgoat.ch/Products/Real-timetargetmachines-Performance.aspx}},
  year =         {2013},
  note =         {},
  source =       {},
}

@MISC{TRA:01,
  author =       {Microchip},
  title =        {Transformationen in d/q},
  howpublished = {\url{http://ww1.microchip.com/downloads/en/AppNotes/01078A.pdf}},
  year =         {2007},
  note =         {},
  source =       {},
}

@MISC{AUS:01,
  author =       {Prof. Dr. Konstantin Meyl},
  title =        {Reglerauslegung PT2},
  howpublished = {Vorlesungsskript Regelungstechnik ETI4},
  year =         {2013},
  note =         {},
  source =       {},
}